@Book{Birdsall1985,
author="Birdsall, C.
and Langdon, A",
title="Plasma Physics via Computer Simulation",
year="1985",
publisher="McGraw-Hill, New York"
}

@InProceedings{Boris1970,
author="Boris, J.P.",
title="Relativistic plasma simulation-optimization of a hybrid code",
booktitle="Proc. 4th Conf. Num. Sim. Plasmas",
year="1970",
pages="3-67"
}

@Article{Guan1995,
author="Guan, Shenheng
and Marshall, Alan G.",
title="Ion traps for {Fourier} transform ion cyclotron resonance mass spectrometry: principles and design of geometric and electric configurations",
journal="Int. J. Mass Spectrometry and Ion Processes",
year="1995",
volume="146/147",
pages="261-296"
}

@Article{Han1997,
author="Han, Seung-Jin
and Shin, Seung",
title="Space-Charge effects on {Fourier} transform ion cyclotron resonance signals : {Experimental} observations and three-dimensional trajectory simulations",
journal="J. Am. Soc. Mass Spectrometry",
year="1997",
month="Mar",
day="05",
volume="8",
issue="4",
pages="319--326"
}

@Article{Patacchini2009,
author="Patacchini, L.
and Hutchinson, I.",
title="Explicit time-reversible orbit integration in {Particle} {In} {Cell} codes with static homogeneous magnetic field",
journal="J. Comp. Phys.",
year="2009",
volume="228",
issue="7",
pages="2604",
note="10.1016/j.jcp.2008.12.021",
}

